<?xml version="1.0" encoding="UTF-8"?><collection xmlns="http://www.loc.gov/MARC21/slim"><record><leader>00490nam--2200181-u-4500</leader><controlfield tag="001">000056081</controlfield><controlfield tag="002">20161230</controlfield><controlfield tag="005">20161230201052</controlfield><controlfield tag="008">141208s1000------------r-----000-0-eng-d</controlfield><datafield ind1=" " ind2=" " tag="040"><subfield code="a">IFIN-HH</subfield></datafield><datafield ind1=" " ind2=" " tag="080"><subfield code="a">524.3</subfield></datafield><datafield ind1="1" ind2=" " tag="100"><subfield code="a">Aller, Lawrence H</subfield></datafield><datafield ind1="1" ind2="0" tag="245"><subfield code="a">Atrophysics the atmospheres of the sun and stars</subfield><subfield code="c">Lawrence h. aller</subfield></datafield><datafield ind1=" " ind2=" " tag="250"><subfield code="a">Second Edition</subfield></datafield><datafield ind1=" " ind2=" " tag="260"><subfield code="a">New York</subfield><subfield code="b">The Roland Press Company</subfield><subfield code="c">1963</subfield></datafield><datafield ind1=" " ind2=" " tag="300"><subfield code="a">XI+650P</subfield></datafield><datafield ind1=" " ind2=" " tag="852"><subfield code="a">76227</subfield><subfield code="c">523</subfield></datafield><datafield ind1=" " ind2=" " tag="CAT"><subfield code="a">Sys</subfield><subfield code="c">20141208</subfield><subfield code="h">185824</subfield></datafield></record></collection>